<?xml version="1.0" encoding="UTF-8"?><collection xmlns="http://www.loc.gov/MARC21/slim"><record><leader>00496nam--2200133-i-4500</leader><controlfield tag="001">000021543</controlfield><controlfield tag="002">20161230</controlfield><controlfield tag="005">20161230201034</controlfield><controlfield tag="008">060222s1000------------r-----000-0-eng-d</controlfield><datafield ind1=" " ind2=" " tag="100"><subfield code="a">Hedgran, Arne And Lind, David</subfield></datafield><datafield ind1=" " ind2=" " tag="245"><subfield code="a">Precision measurements of nuclear gamma-radiation by techniques of beta-spectroscopy. part iii: measurements of gamma-rays from lanthanum 140, sodium24, thc and gallium72</subfield></datafield><datafield ind1=" " ind2=" " tag="260"><subfield code="a">Stockholm, Almqvist &amp; Wiksells, 1952, 13p</subfield></datafield><datafield ind1=" " ind2=" " tag="490"><subfield code="a">Arkiv For Fysik, V</subfield></datafield><datafield ind1=" " ind2=" " tag="852"><subfield code="a">5415</subfield></datafield></record></collection>